2378 4620
132 300 500 409 ¹seruaturus.
522 300 707 373 rouro.
731 301 938 387 sununs.
1001 311 1062 392 46¹

69 475 173 564 rosa,
213 474 418 562 undulata,
445 473 637 547 hirsutula.
674 472 811 548 Flores
840 480 990 551 caulem
1008 504 1066 552 ra·

71 597 213 670 rosque
242 570 508 660 terminantes,
539 573 680 662 erecti,
707 573 831 670 parvi,
857 574 1064 666 numeroli,

71 669 363 767 emisphaerici,
390 670 496 742 lutei.
521 668 684 774 Liguloe
701 671 797 742 radii
814 668 1064 763 breviflimae,

71 765 286 851 umerosae,
312 766 534 839 tridentatae.
585 766 790 863 Calycinae
819 765 995 861 squamae
1021 771 1066 843 li·

71 890 183 942 eares
195 918 206 953 ‚
232 864 648 958 inaequales„erectae,
675 864 873 937 tomentos
899 920 908 937 .

127 989 232 1047 Amat
246 980 318 1046 lota
343 980 462 1065 hyeme
475 982 627 1045 inundata
643 982 675 1044 in
692 982 808 1064 quibus
824 981 1041 1067 copiofiffims.

127 1086 274 1153 alienam
296 1090 328 1152 in
348 1088 498 1152 sabulosis
514 1090 654 1151 humidis
670 1089 751 1173 figit.

93 1196 245 1345 ‘tpmm
267 1196 379 1280 digitis
406 1186 503 1275 trita,
535 1197 783 1274 foetidiusculs,
805 1195 930 1281 pulices
948 1201 1062 1286 fugare

72 1304 105 1346 ct
126 1302 178 1345 ur.

77 1443 209 1552 302·
237 1435 643 1586 lNULAsallClna
665 1459 766 1534 soliis
786 1457 964 1538 seffilibus
987 1467 1066 1540 lan·

200 1581 360 1654 ceolatis
395 1578 565 1655 recurvis
596 1578 925 1669 serrato-scabris,
964 1584 1066 1664 flori·

201 1677 273 1750 bus
295 1678 538 1752 inferioribus
558 1674 774 1766 altioribus,
802 1681 914 1753 ramis
934 1680 1065 1755 luban·
1166 1759 1181 1767 ,

200 1779 338 1871 gulatis
353 1777 504 1873 glabris.
525 1775 639 1846 Lina.
655 1774 715 1870 Sp.
723 1778 781 1874 pl.
797 1801 829 1848 α.
842 1806 883 1875 p.
903 1780 1007 1854 1238.
1018 1819 1065 1838 -

204 1873 423 1967 Pollichst
439 1873 521 1970 pal.
544 1900 580 1943 n.
602 1871 684 1944 805.
746 1952 749 1956 ,

120 1992 238 2072 After
263 1995 363 2070 loliis
390 1995 532 2092 glabris
560 1993 695 2067 ciliatis
723 1995 862 2086 ovatis,
901 1994 1065 2074 venofis.

199 2091 307 2164 Hall.
317 2091 427 2192 stirp.
444 2092 538 2165 hele.
556 2119 595 2163 n.
617 2089 674 2186 76.

120 2211 237 2290 After
258 2228 462 2288 montanus
485 2217 612 2287 luteus
638 2210 759 2288 salicis
789 2214 925 2311 glabro
953 2218 1065 2292 solio.

204 2309 328 2383 Bauli.
349 2313 432 2409 pin.
456 2309 538 2385 266.
565 2353 610 2366 —
635 2306 829 2411 Mupp.fl.
853 2312 988 2414 Als.p.
1005 2317 1066 2390 33.

120 2431 361 2508 Bulbonium
374 2435 522 2506 luteum
533 2435 557 2504 l.
585 2431 940 2534 Tabernoemp.716.
953 2437 1065 2513 Icon.

206 2530 373 2602 Habitus
391 2530 549 2628 optima.

72 2654 208 2726 lerm.
233 2650 296 2724 W
292 2650 780 2753 eidenblci'ttriger·AIant.

72 2777 123 2847 la
137 2774 188 2846 ll.
213 2771 324 2846 Inule
333 2771 519 2868 sauliere.

72 2897 88 2968 l
94 2897 169 2969 ab.
206 2896 249 2967 ln
273 2892 387 3004 pratis
410 2889 625 2986 virgultofis
649 2891 750 2966 inter
773 2891 1006 2970 Daehsland
1026 2907 1067 2974 et

152 2991 398 3094 Knielmgen.
439 2991 484 3061 ln
511 2991 626 3087 pratis
650 2988 828 3063 montolis
857 2992 996 3091 apricis
1023 2995 1067 3072 in

151 3089 437 3182 Marggraviatu
465 3085 660 3182 superiore
687 3111 807 3184 prope
834 3088 999 3182 Simila,
1026 3100 1067 3168 et

149 3184 233 3280 ates
236 3185 306 3255 der
327 3184 531 3256 Heumatte
548 3197 652 3258 retro
674 3184 859 3290 [φρανζ.
885 3187 928 3260 ln
955 3189 1067 3264 ditio.

149 3284 210 3356 nis
221 3278 437 3356 Balileenlis
450 3279 669 3377 graminolis
681 3283 818 3377 al'peris
832 3286 972 3359 montis
980 3287 1068 3359 Mu·

151 3379 225 3454 teti
248 3391 287 3453 et
307 3376 509 3450 Dornaclr.
538 3379 578 3450 ln
599 3377 739 3451 Allatia
759 3393 862 3453 retro
893 3379 1001 3455 Barr
1025 3386 1067 3460 in

149 3475 267 3577 pratis
298 3472 498 3566 montolis,
539 3487 577 3548 et
606 3489 711 3549 retro
737 3476 984 3572 Dusenboch3
1026 3481 1068 3556 in

150 3572 294 3649 Alsatia
310 3572 491 3645 inferiore
507 3598 630 3669 prope
649 3573 963 3668 Lainpertsloch,
990 3602 1069 3653 neo

148 3697 236 3745 non
263 3672 363 3742 inter
401 3670 558 3741 Colmar
597 3685 635 3743 et
670 3669 884 3743 Bollweiler
914 3689 939 3746 t.
972 3674 1067 3752 Jols.

147 3767 345 3843 Bauhino.
386 3768 429 3838 ln
458 3766 668 3839 Palatinatu
698 3769 798 3840 inter
830 3769 1065 3863 Drirkheim,

147 3864 413 3952 Lambsheim,
444 3863 706 3935 Frankentltal
725 3881 762 3935 et
779 3864 862 3937 dem
882 3866 1066 3964 Holzboj:

149 3979 179 4037 t.
199 3960 404 4035 Pollichio.
432 3963 473 4032 ln
491 3962 729 4059 Sponhernia
746 3965 793 4035 ad
804 3962 1007 4038 Mosellam
1024 3965 1067 4049 in

146 4058 298 4167 pascuis
313 4055 510 4136 montosis.
