2378 4620
160 280 457 350 Monoecus.
498 280 898 407 uosauatesltas
967 276 1037 370 7ορ

80 455 142 528 rb.
178 453 376 553 Inalpinis
404 452 810 553 helveticis·aliisque.
844 456 1031 554 Indigena

120 549 251 652 passim
281 553 384 627 circa
413 552 621 625 Carlsruhe
657 565 696 626 et
728 553 951 650 praesertim
994 555 1036 630 in

121 646 308 724 montosis
332 675 458 748 prope
488 646 801 764 mersenburg,
839 648 972 764 Isnden
996 663 1037 727 et
1172 722 1179 731 ,

123 749 240 836 alibi,
261 758 344 822 nec'
358 776 440 820 non
457 749 499 839 in
515 747 735 845 Principatu
755 752 970 844 superlore,
997 761 1038 825 et

120 846 344 943 Principatu
363 845 710 940 Fiirstenbergensi,
737 847 804 918 ubi
816 847 935 921 hodie
954 847 1037 946 pul·

125 943 334 1017 cherrimas
351 937 431 1043 jain
456 941 578 1043 sylvas
602 945 768 1039 integras
790 944 994 1019 constituit.

80 1087 149 1135 ar.
176 1063 322 1162 Aprili,
346 1061 465 1165 Majo.
482 1052 637 1138 Semina
650 1063 817 1140 Octobri
832 1079 988 1140 matura.
1003 1079 1036 1159 5

126 1207 246 1287 Arbor,
266 1203 451 1291 praesertim
477 1207 627 1272 montosa
652 1207 813 1291 subalpina
846 1205 951 1282 snut,
979 1208 1037 1275 ubl

80 1311 161 1354 :ers
172 1302 206 1354 et
216 1291 375 1374 longaeva
390 1289 445 1358 est,
470 1291 649 1369 tignum
668 1293 875 1378 exquifitum,
893 1293 1036 1370 firmum,

80 1375 259 1447 ’ubellusm
281 1375 444 1460 putredini
458 1374 613 1442 resistens.

80 1527 181 1656 nrlps.
214 1506 561 1572 Tsnrnrrsrnms
591 1527 780 1572 vsrsrrn.
805 1515 1036 1575 Aonnrcus

162 1610 332 1655 snrcrs.
959 1628 966 1638 -

126 1721 174 1788 Ut
197 1725 277 1787 aliae
305 1722 459 1807 quaedam
484 1725 634 1789 acerosae
657 1725 809 1801 arbores,
848 1727 893 1789 its
910 1734 949 1788 et
964 1725 1037 1790 haec

80 1827 193 1891 :quam
210 1807 290 1871 folia
313 1808 479 1890 eruperint
500 1807 635 1871 Mannae
652 1809 790 1893 speciem
805 1811 946 1881 exsudat,
963 1829 1037 1890 gra·

80 1892 245 1954 sotianda
264 1887 374 1954 semini
393 1889 521 1965 similis,
544 1893 757 1965 condensata,
780 1915 862 1977 quae
887 1893 1036 1955 Manna

80 1975 191 2123 iesca
227 1974 248 2036 s.
271 1974 521 2059 Brigantiae
544 1976 1036 2077 (Manneffdqllrianpon)

80 2072 117 2121 :a
149 2070 217 2123 unt.

126 2191 250 2257 Cortex
265 2209 327 2275 pro
341 2190 441 2256 coriis
461 2190 696 2258 condensandis
714 2192 894 2259 adhibetor.

124 2387 175 2478 ††
200 2385 320 2460 Foliis
343 2384 545 2484 solitariis
569 2399 609 2458 et
634 2379 715 2479 bost
741 2379 937 2480 dssinctis.

80 2533 688 2685 98.P1NusPieeofoliis
715 2553 889 2627 solitariis
919 2577 1038 2627 ernar-

175 2678 323 2774 ginatis.
348 2674 462 2748 Linn.
475 2673 540 2774 Sp.
551 2672 611 2774 pl.
633 2695 667 2767 4.
679 2703 721 2776 p.
741 2699 846 2767 1420.
862 2680 909 2737 -‘-
937 2674 1040 2749 Poll.

173 2778 216 2865 fl.
231 2773 315 2873 pal.
332 2799 369 2845 n.
384 2793 467 2874 914.

88 2898 216 2976 Pinus
228 2896 330 2970 soliis
341 2892 516 2969 solitariis
527 2891 662 2990 planis,
676 2893 897 2993 pectinatis,
920 2916 1040 2970 emar·

176 2997 324 3092 ginatis.
349 2987 576 3088 Hailstirp.
601 2992 697 3066 belo.
721 3019 758 3067 n.
788 2991 890 3086 1657.

93 3120 217 3199 Pinus
239 3115 355 3189 Abies
375 3112 477 3188 soliis
491 3111 666 3189 solitariis
687 3111 948 3210 emarginatis:
975 3135 1041 3192 co·

176 3215 234 3290 nis
263 3213 442 3309 oblongis
465 3213 627 3302 erectis,
653 3210 816 3309 squamis
839 3210 1041 3286 subrotun·

178 3314 235 3387 dis
272 3312 419 3407 planis,
461 3305 537 3382 basi
580 3309 817 3386 acuminatis.
861 3308 933 3383 Du
963 3305 1042 3381 Roi

177 3410 349 3483 Has-bke·
370 3432 403 3481 s.
423 3433 466 3504 p.
486 3406 544 3504 95.

96 3532 215 3612 Pinus
236 3531 328 3604 albo
358 3527 460 3604 soliis
487 3527 616 3603 subtus
644 3494 858 3623 argenteis.¹
881 3526 1041 3625 emargi.

179 3630 295 3721 natis‚
324 3629 433 3703 conis
451 3627 600 3703 erectis.
623 3626 727 3700 Mill.
748 3625 854 3700 Dict.
871 3653 909 3700 n.
937 3651 967 3700 1.

103 3752 225 3832 Abies
252 3751 329 3825 taxi
358 3749 472 3841 solio,
514 3750 642 3825 fructu
667 3746 810 3823 sursum
834 3745 1041 3844 spectante.

178 3849 379 3949 Monfl·
398 3847 481 3944 ΑΜ
495 3875 538 3946 r·
560 3874 592 3924 1·
896 3861 900 3870 ’
964 3918 967 3922 ›

104 3969 226 4051 'Abies
256 3969 365 4045 conis
395 3967 539 4045 sursum
565 3966 824 4070 spectantibus
852 3962 931 4047 sive
953 3989 1045 4040 mas.

180 4067 307 4144 Bauli.
322 4066 406 4167 pin.
438 4066 521 4142 505.
591 4145 595 4152 ,
