2378 4620
110 265 155 331 u
294 246 597 333 TETRADYN.
639 243 942 325 SILIQUOSA.

109 423 264 500 Germ.
296 418 696 517 WaldssNaehcvioIe.

115 567 244 645 Gall.
275 564 481 669 Coffolette'
495 568 560 642 des
576 567 666 642 dois.

112 740 157 817 H
161 743 228 817 ab.
252 742 306 815 lrr
325 739 472 815 ditione
491 734 690 823 Bableenli
723 733 773 809 ad
791 731 998 830 Augustam
1017 730 1032 805 1

210 865 388 914 racorum
411 834 541 913 versus
564 834 695 919 Rheni¹
721 831 842 930 ripam
870 831 910 905 iu
937 830 1032 925 dum

239 959 335 1031 rope
351 934 532 1009 balneum
551 928 783 1029 Budcndorf
793 930 841 1003 ad
859 928 1032 1019 dextram

210 964 358 1129 begiae3
383 1032 425 1106 in¹
447 1041 581 1104 monte
598 1028 831 1132 Fronspurg
845 1038 884 1127 et
907 1016 1032 1141 Siffac

110 1164 241 1279 'Flac
265 1195 395 1298 Maj0,
421 1196 558 1291 lunio,
584 1197 699 1273 lulio.
723 1195 877 1295 Semina
890 1197 1021 1289 lulio,

210 1296 500 1397 guliolmatura'
541 1314 582 1379 σν
630 1312 696 1419 ῃ..
742 1321 746 1332 ·

211 1462 339 1541 Radix
356 1463 521 1552 ramosa,
547 1440 707 1553 fibrosa,
735 1461 871 1537 albida.
899 1461 1032 1537 Cauiis

114 1560 349 1664 quipcdalis,
385 1562 598 1663 tripedalis,
637 1573 809 1670 erectus,
852 1558 1032 1673 teretiusu

111 1671 179 1736 aut
204 1659 594 1757 sulcato-angulatas,
612 1661 712 1755 'plus
739 1681 916 1733 minusve
939 1656 1032 1732 hrrsr

110 1756 269 1853 firnplex
306 1767 372 1827 aut
406 1755 584 1843 ramosus.
643 1753 761 1827 Romi
789 1756 957 1847 alterni‚.
987 1778 1032 1829 er

110 1853 223 1926 Folia
237 1856 399 1938 alterna,
424 1851 654 1943 subhastato,
680 1854 747 1923 aul
769 1852 1031 1927 cordato-lan

109 1951 203 2038 lata,
247 1949 481 2038 acuminata,
525 1960 657 2046 argute
680 1946 898 2021 subsinuato
914 1992 929 2007 ·
945 1948 1032 2031 deul

109 2044 271 2132 serrata,
309 2043 490 2118 inferiora
513 2045 685 2141 longius,
728 2042 924 2140 superiora
961 2046 1032 2149 brq

110 2139 313 2239 petiolata,
334 2153 398 2212 aut
409 2137 626 2232 subscffilia,
644 2139 824 2236 utrinque
844 2140 1000 2232 villosa,
1016 2168 1032 2235 ι

110 2236 284 2311 riuscula.
311 2235 444 2310 Florec
461 2241 611 2312 caulem
629 2261 843 2335 ramosque
856 2241 1032 2317 termina!

110 2329 312 2423 racemosr,
344 2330 621 2409 suaveolentes.
688 2334 809 2434 Calyx
838 2333 1032 2447 lusco-pu

110 2427 278 2518 micans,
335 2431 569 2527 quandoque
610 2429 766 2519 viridis,
816 2430 1032 2529 pilosohr'rli

113 2525 294 2597 Corolloe
316 2525 445 2600 Petala
474 2525 623 2617 obtusa,
649 2529 813 2621 integra,
840 2526 1032 2626 lubemarg

30 2654 42 2679 -'
109 2635 214 2713 tave,
242 2624 385 2710 albida,
410 2624 628 2712 incarnata,
666 2647 877 2719 purpurea,
930 2652 1032 2724 urpu

109 2720 298 2797 violacea.
342 2720 510 2819 Siliquae
530 2720 812 2809 meliusculae,
840 2652 1020 2797 obidlete

109 2827 353 2911 tetragonae,
397 2817 562 2907 strictae,
611 2817 784 2913 glabrae,
832 2817 1032 2893 subtorulo

109 2912 242 2985 uncias
261 2912 367 2986 binas
399 2914 448 2985 ad
475 2926 640 3009 quatuor
663 2915 805 3010 longae,
850 2913 1032 3016 polysper

107 3007 261 3081 Semina
285 3009 472 3104 oblonga,
499 3007 611 3082 lusca.

153 3170 270 3239 Nota.
302 3172 377 3237 Non
404 3172 632 3238 confundenda
668 3197 741 3241 cum
770 3178 975 3260 praecedente
1001 3179 1032 3263 sp

233 3279 252 3320 a
282 3276 343 3339 qua
361 3253 487 3333 differt,
517 3256 540 3318 F
550 3258 657 3322 ollis
684 3260 860 3343 majoribus
876 3263 1022 3327 cordatis

233 3338 380 3412 hastatis,
403 3339 612 3408 acuminatis.
637 3353 751 3425 argute
769 3342 1029 3411 sublimato-den

235 3421 378 3496 serratis,
400 3422 506 3484 minus
524 3422 651 3491 scabris.

189 3550 302 3615 flores
324 3571 390 3615 non
404 3551 552 3630 inodori,
575 3553 629 3617 sed
645 3554 736 3621 suave
756 3557 905 3636 odorati,
926 3568 961 3626 et
983 3561 1018 3626 id

108 3635 217 3710 sertim
232 3638 263 3697 in
279 3632 448 3700 umbrosis.

191 3767 315 3849 Apibus
336 3763 497 3831 melliferi.

191 3896 242 3959 Ad
264 3897 402 3959 rariores
424 3896 557 3958 omnino
580 3892 686 3956 Florae
712 3895 799 3959 cives
821 3899 971 3982 partinet.
1018 3902 1032 3966 l

107 3977 237 4045 dumeta
258 3981 296 4047 ad
317 3979 438 4042 arcium
460 3974 651 4049 vetustarum
674 3980 801 4065 rudera.
