2378 4620
202 236 501 309 uononcu.
545 237 856 312 rurunonrs.
963 248 1033 331 sm

76 412 160 485 ill.
189 409 311 484 Corra:
326 415 464 507 jaune.
590 476 593 483 .
627 474 631 481 .

76 558 144 630 ob.
171 557 365 655 Utrinque
383 557 421 628 in
447 558 599 654 pascuis
620 557 899 651 arenolisudis,
928 557 1036 637 inun·
1130 626 1135 635 .

130 654 249 741 datis,
275 650 402 748 passim
422 655 616 754 frequens.
638 681 669 738 γ.
695 656 733 728 in
744 659 895 754 pascuis
918 661 1035 734 maci·

127 753 241 825 lentis
270 750 445 825 sabulosis
469 753 659 825 inundatis
681 769 721 825 et
744 754 793 826 ad
816 755 1034 833 rivulorum

128 850 329 943 margines.
355 849 522 922 Abunde
542 851 579 921 in
592 850 812 949 Principatu
835 849 1035 952 superiore

127 948 177 1020 ad
196 946 343 1020 Lacum
362 944 637 1037 Bodamicum,
664 948 703 1021 in
724 946 883 1025 tursosis.

77 1093 157 1163 lor.
188 1085 313 1190 Majo,
340 1091 468 1167 Junio.
493 1092 648 1166 Semina
667 1094 805 1187 Junio,
837 1093 941 1170 Julio
957 1125 1035 1171 rna·

130 1205 226 1260 tura.
252 1208 283 1283 p

127 1334 256 1408 Rodio
279 1332 503 1430 subrepens,
530 1334 680 1410 fibrosa.
708 1337 833 1413 Culmi
847 1330 1034 1434 digilales,

77 1434 237 1519 linares,
271 1433 425 1528 pedales
450 1434 593 1523 erecti,
622 1437 856 1532 quandoque
880 1440 1036 1510 decum-

82 1543 187 1618 ntes,
223 1529 417 1628 triquetri,
452 1530 594 1618 foliati,
627 1535 739 1626 saepe
762 1534 932 1635 exceptis
953 1534 1037 1607 bra·

77 1627 127 1701 eis
142 1629 256 1709 nudi,
283 1651 415 1698 versus
429 1627 596 1699 radicem
613 1629 744 1701 foliati.
770 1629 883 1702 Folia
903 1634 1034 1706 culmo

77 1746 139 1820 epe
159 1725 355 1807 breviora,
373 1722 550 1811 linearia,
574 1740 702 1813 acula,
722 1726 933 1813 latiuscula,
952 1726 1037 1801 sub·

85 1822 221 1909 einata,
249 1820 420 1914 margine
433 1819 570 1892 scabra.
597 1822 709 1919 opica
725 1822 933 1898 terminalis
945 1823 1039 1898 mas·

78 1918 123 1990 ila
143 1916 300 1993 lineari·
314 1916 543 2009 cylindrico,
566 1916 737 2013 gracilis;
753 1920 950 2018 femineae
969 1920 1039 2018 spi·

78 2036 108 2087 ιο
129 2040 200 2088 1·oe
214 2018 262 2087 -3
287 2009 511 2103 subseffiles,
549 2019 784 2114 quandoque
803 2008 1039 2115 pedunculo-

78 2133 118 2200 e,
140 2111 443 2209 approximatae,
471 2108 581 2208 saepe
596 2116 709 2187 etiam
730 2116 894 2190 maxime
910 2139 1039 2190 remo·

78 2229 113 2297 3,
139 2208 407 2282 subrutundae.
426 2206 616 2281 Bructeae
631 2212 838 2305 soliaceae,
856 2214 1041 2309 raginau-

78 2329 111 2394 ι,
139 2311 269 2380 culmo
287 2306 397 2401 saepe
422 2305 629 2400 longiores.
659 2304 822 2381 Glumoe
841 2313 945 2384 ovali
960 2314 1040 2385 lan·

78 2406 219 2490 olatae,
247 2417 508 2488 mucronatae,
538 2402 680 2498 pallide
696 2404 930 2501 ferrugineae,
955 2408 1040 2480 dor·

91 2501 250 2588 virides,
278 2497 436 2595 capsulis
458 2498 666 2574 breviores.
694 2502 878 2598 Capsusoe
894 2504 1039 2578 obora·

78 2597 367 2685 ·ouneisormes,
394 2596 568 2684 inflatae,
596 2596 780 2685 cossatae,
805 2599 1039 2690 slavicantea,

78 2692 153 2769 llro
187 2696 307 2789 longo
334 2693 484 2768 dessexo
517 2696 629 2792 apice
660 2691 793 2769 bifido.
839 2694 1040 2802 Stigmata

78 2816 114 2864 a.

78 2928 200 2996 Nota.
220 2930 285 2995 Pro
303 2931 432 2995 diverso
451 2931 521 2996 solo
536 2928 633 2996 natali
651 2934 785 2997 maxime
803 2933 1041 3021 polymorpho,

160 3014 319 3078 Culmis
343 3014 574 3078 demillloribus
602 3027 636 3080 et
652 3016 875 3100 longioribus,
899 3016 1042 3082 Foliis

162 3097 332 3162 latioribus
341 3098 629 3179 etaugustioribus,
656 3102 1043 3184 brevioriburetlongio·

161 3181 268 3252 ribus,
288 3176 484 3246 Bructeis
500 3182 627 3245 erectis.
652 3182 835 3267 patentibus
853 3197 888 3248 et
901 3180 1042 3258 reflexis,

159 3260 265 3348 Spiris
280 3262 427 3326 femineis
451 3266 560 3327 saltem
582 3267 675 3328 unica
690 3279 745 3330 aut
762 3283 888 3352 2·3-4
905 3268 1042 3330 nuxime

162 3347 391 3430 approximatis
409 3346 634 3419 lunensibus,
659 3360 714 3412 aut
728 3353 862 3415 remotis
878 3353 1043 3433 peduncu-

161 3431 249 3501 lstis,
271 3430 421 3493 omuibus
435 3451 524 3495 mere
550 3431 713 3501 femineis.
738 3435 909 3497 autetiam
932 3433 985 3497 sed
1008 3433 1043 3499 id

160 3522 268 3576 tomen
302 3514 431 3588 rarius,
463 3504 596 3596 superne
629 3517 808 3580 masculis.
840 3515 1043 3601 Coprulle

160 3594 267 3660 rostro
285 3596 433 3669 reflexis,
457 3600 619 3677 rectisque
636 3599 724 3679 saepe
747 3598 779 3662 ln
797 3601 894 3664 hoico
909 3612 1042 3664 eodem·

160 3699 224 3764 que
235 3678 419 3761 individuo,
435 3680 467 3743 in
477 3680 853 3759 nliisomnibusreflexis,
868 3683 1041 3749 annectis.

182 3809 294 3909 Doleo
311 3811 360 3879 Cl.
380 3812 528 3913 Hostii
551 3814 712 3912 grunius,
734 3832 817 3897 opus
840 3815 1044 3916 splendidum

166 3914 358 4043 ξέτὲξιῃιζὲ,
380 3897 468 3980 quod
486 3906 577 3960 cnm
592 3894 784 3983 oportebat,
800 3892 1045 4045 nihi-non'effe
